<?xml version="1.0" encoding="utf-8"?>
<record xmlns="http://www.loc.gov/MARC21/slim" xmlns:xsi="http://www.w3.org/2001/XMLSchema-instance" xsi:schemaLocation="http://www.loc.gov/MARC21/slim http://www.loc.gov/standards/marcxml/schema/MARC21slim.xsd">
	<leader>     nam a22        4500</leader>
	<controlfield tag="001">001682180</controlfield>
	<controlfield tag="003">NNU</controlfield>
	<controlfield tag="006">m        d        </controlfield>
	<controlfield tag="007">cr cn |||m|||a</controlfield>
	<controlfield tag="008">150727s1882    ua      o     000 0 arar </controlfield>
	<datafield ind1=" " ind2=" " tag="040">
		<subfield code="a">NNU</subfield>
		<subfield code="b">eng</subfield>
		<subfield code="c">NNU</subfield>
	</datafield>
	<datafield ind1="1" ind2=" " tag="100">
		<subfield code="a">Ibn Abī Uṣaybiʻah, Aḥmad ibn al-Qāsim,</subfield>
		<subfield code="d">d. 1269 or 70.</subfield>
	</datafield>
	<datafield ind1="1" ind2="0" tag="245">
		<subfield code="a">Kitāb ʻuyūn al-anbāʼ fī ṭabaqāt al-aṭibbāʼ</subfield>
		<subfield code="h">[electronic resource] /</subfield>
		<subfield code="c">taʼlīf Muwaffaq al-Dīn Abī al-ʻAbbās Aḥmad ibn al-Qāsim ibn Khalīfah ibn Yūnus al-Saʻdī al-Khazrajī al-maʻrūf bi-Ibn Abī Uṣaybiʻah. Naqalahu min al-nusakh al-mawjūdah fī baʻḍ khazāʼin al-kutub wa-ṣaḥḥaḥahu Imruʼ al-Qays ibn al-Ṭaḥḥān [ism muntaḥal].</subfield>
	</datafield>
	<datafield ind1=" " ind2=" " tag="250">
		<subfield code="a">al-Ṭabʻah 1.</subfield>
	</datafield>
	<datafield ind1=" " ind2=" " tag="260">
		<subfield code="a">[Miṣr]</subfield>
		<subfield code="b">al-Maṭbaʻah al-Wahbīyah,</subfield>
		<subfield code="c">1299/1882.</subfield>
	</datafield>
	<datafield ind1=" " ind2=" " tag="300">
		<subfield code="a">online resource (2 v. in 1)</subfield>
	</datafield>
	<datafield ind1=" " ind2=" " tag="500">
		<subfield code="a">Colophon of v. 2 dated 1300 A.H. [1883 A.D.]</subfield>
	</datafield>
	<datafield ind1=" " ind2=" " tag="500">
		<subfield code="a">Comprises the Arabic text and index of the critical edition published in Königsberg in 1884.</subfield>
	</datafield>
	<datafield ind1=" " ind2=" " tag="500">
		<subfield code="a">Part of the Arabic Collections Online (ACO) project, contributed by New York Univeristy Libraries.</subfield>
	</datafield>
	<datafield ind1=" " ind2=" " tag="533">
		<subfield code="a">Electronic reproduction.</subfield>
		<subfield code="b">New York, N.Y. :</subfield>
		<subfield code="c">New York University,</subfield>
		<subfield code="d">2015.</subfield>
		<subfield code="5">NNU</subfield>
	</datafield>
	<datafield ind1=" " ind2=" " tag="546">
		<subfield code="a">Added t.p. in German.</subfield>
	</datafield>
	<datafield ind1=" " ind2="0" tag="650">
		<subfield code="a">Physicians, Arab.</subfield>
	</datafield>
	<datafield ind1=" " ind2="0" tag="650">
		<subfield code="a">Medicine</subfield>
		<subfield code="x">History.</subfield>
	</datafield>
	<datafield ind1=" " ind2="0" tag="650">
		<subfield code="a">Medicine, Arab.</subfield>
	</datafield>
	<datafield ind1="1" ind2=" " tag="700">
		<subfield code="a">Müller, August,</subfield>
		<subfield code="d">1848-1892.</subfield>
	</datafield>
	<datafield ind1="2" ind2=" " tag="710">
		<subfield code="a">New York University.</subfield>
		<subfield code="b">Libraries.</subfield>
	</datafield>
	<datafield ind1="0" ind2=" " tag="730">
		<subfield code="a">Arabic Collections Online.</subfield>
	</datafield>
	<datafield ind1="0" ind2=" " tag="740">
		<subfield code="a">ʻUyūn al-anbāʼ fī ṭabaqāt al-aṭibbāʼ.</subfield>
	</datafield>
	<datafield ind1="0" ind2="8" tag="776">
		<subfield code="i">Print version:</subfield>
		<subfield code="a">Ibn Abī Uṣaybiʻah, Aḥmad ibn al-Qāsim, d. 1269 or 70.</subfield>
		<subfield code="t">Kitāb ʻuyūn al-anbāʼ fī ṭabaqāt al-aṭibbāʼ</subfield>
		<subfield code="w">(NNU)001682180</subfield>
	</datafield>
	<datafield ind1="4" ind2="0" tag="856">
		<subfield code="u">http://hdl.handle.net/2333.1/g1jwsx88</subfield>
	</datafield>
	<datafield ind1=" " ind2=" " tag="959">
		<subfield code="a">NNU</subfield>
		<subfield code="b">WEB</subfield>
		<subfield code="c">GENI</subfield>
		<subfield code="t">0</subfield>
		<subfield code="m">Electronic access</subfield>
		<subfield code="s">01</subfield>
	</datafield>
	<datafield ind1=" " ind2=" " tag="999">
		<subfield code="i">NNU_001682180</subfield>
		<subfield code="s">nyu_aco001200:v.1/2</subfield>
		<subfield code="e">(ERROR-880)</subfield>
	</datafield>
</record>
